%% This is a collection of stubs of the most frequently used bibtex entries
%% with the required fields. Please refer to BibTeX/BibLaTeX docs for
%% additional details.
%% http://biblatex-biber.sourceforge.net/



@misc{IEEE_2020, title={IEEE code of ethics}, url={https://www.ieee.org/about/corporate/governance/p7-8.html}, journal={IEEE}, year={2020}, month={Jun}} 

@misc{ChILD-2022,
    URL = {https://www.nhlbi.nih.gov/health/childhood-interstitial-lung-diseases},
    title = {Childhood Interstitial Lung Disease},
    year = {2022}, 
    month = {Mar},
    day = {24}
}

@misc{airtag_ble,
    URL = {https://support.apple.com/en-us/109021},
    title = {Find your keys, backpack, and more with AirTag and Find My},
    year = {2024}, 
    month = {Feb}
}

@misc{localization,
    URL = {https://uwb.woxuwireless.com/views/blog/UWB_Localization.html},
    title = {UWB Localization Techniques In Comparison：TOF & TDOA},
    year = {2021}, 
    month = {Jan}
}

@misc{oxygen_tank_sizes,
    URL = {https://www.tri-medinc.com/page12.htm},
    title = {Oxygen Cylinders (Tanks) for Home, Healthcare, Business and Aviation},
    year = {2023}
}

@misc{airtag_uwb,
    URL = {https://discussions.apple.com/thread/254750118?sortBy=best},
    title = {Ultra Wideband},
    year = {2023}, 
    month = {Mar}
}

@inproceedings{riky2021omnidirectional,
  title={Holonomic Implementation of Three Wheels Omnidirectional Mobile Robot using DC Motors},
  author={Riky Tri Yunardi, Deny Arifianto, Farhan Bachtiar, Jihan Intan Prananingrum},
  journal={Journal of Robotics and Control (JRC)},
  volume={2},
  number={2},
  pages={65--71},
  year={2021},
}

@article{wada2015OWB,
  title={Research for an Omnidirectional Mobile Robot Using ACROBAT, the Active-caster with a Dual-ball Transmission},
  author={Wada, Masayoshi & Hirama, Takahiro},
  journal={Transactions of the Society of Instrument and Control Engineers},
  volume={51},
  pages={400--408},
  year={2015},
}

@inproceedings{9881375,
  author={Polonelli, Tommaso and Schläpfer, Simon and Magno, Michele},
  booktitle={2022 IEEE Sensors Applications Symposium (SAS)}, 
  title={Performance Comparison between Decawave DW1000 and DW3000 in low-power double side ranging applications}, 
  year={2022},
  volume={},
  number={},
  pages={1-6},
  keywords={Performance evaluation;Radio frequency;Integrated circuits;Power demand;Transceivers;Reflection;Real-time systems;Ultra wideband technology;Ultra wideband communication;IoT;Indoor Localization;Power Consumption},
  doi={10.1109/SAS54819.2022.9881375}}

@misc{ACM_2018, title={ACM Code of Ethics and Professional Conduct}, url={https://www.acm.org/code-of-ethics}, journal={Association for Computing Machinery}, publisher={ACM Code 2018 Task Force}, year={2018}, month={Jun}} 


@inproceedings{wang2003industrial,
  title={IEEE Code of Ethics.},
  author={Wang, Avery and others},
  booktitle={Ismir},
  volume={2003},
  pages={7--13},
  year={2003},
  organization={Citeseer}
}

@article{codeethics,
  author={},
  journal={IEEE Transactions on Reliability}, 
  title={IEEE code of ethics}, 
  year={1984},
  volume={R-33},
  number={1},
  pages={14-14},
  keywords={Professional societies;Business;IEEE members;Communities;Ethics;Societies;Discharges (electric)},
  doi={10.1109/TR.1984.6448267}}


%% An article from a journal or magazine.
@article{,
  author    = "",
  title     = "",
  journal   = "",
  volume    = ,
  year      = 
}

%% A book with an explicit publisher.
@book{,
  author    = "",
  title     = "",
  publisher = "",
  year      = 
}

%% The same as inproceedings
@conference{,
  author    = "",
  title     = "",
  booktitle = "",
  number    = ,
  year      = 
}
    
%% An article in a conference proceedings.
@inproceedings{,
  author    = "",
  title     = "",
  booktitle = "",
  year      = 
}

%% A Master's thesis.
@masterthesis{,
  author = "",
  title  = "",
  school = "",
  year   = 
}
    
%% An online resource (BibLaTeX only)
@online{,
  author       = "",
  title        = "",
  year         = ,
  url          = {},
  urldate      = "",
}

%% A Ph.D. thesis.
@phdthesis{,
  author = "",
  title  = "",
  school = "",
  year   = 
}

%% A report published by a school or other institution, usually numbered within a series.
@techreport{,
  author      = "",
  title       = "",
  institution = "",
  year        = 
}
%% A document having an author and title, but not formally published
@unpublished{,
  author = "",
  title  = "",
  note   = "",
  month  = "",
  year   = 
}
   
